<?xml version="1.0" encoding="UTF-8"?>
<record xmlns="http://www.loc.gov/MARC21/slim" xmlns:xsi="http://www.w3.org/2001/XMLSchema-instance" xsi:schemaLocation="http://www.loc.gov/MARC21/slim http://www.loc.gov/standards/marcxml/schema/MARC21slim.xsd">
<leader>     nam a2200433 a 4500</leader>
<controlfield tag="001">001684760</controlfield>
<controlfield tag="003">NNU</controlfield>
<controlfield tag="005">20061010173241.0</controlfield>
<controlfield tag="008">931021m19539999ua       b    001 0cara d</controlfield>
<datafield tag="035" ind1="9" ind2=" ">
<subfield code="a">NYUb12228196</subfield>
</datafield>
<datafield tag="035" ind1=" " ind2=" ">
<subfield code="a">(NNU)NYUb12228196</subfield>
</datafield>
<datafield tag="040" ind1=" " ind2=" ">
<subfield code="a">MH</subfield>
<subfield code="c">MH</subfield>
</datafield>
<datafield tag="043" ind1=" " ind2=" ">
<subfield code="a">e-sp---</subfield>
<subfield code="a">ff-----</subfield>
<subfield code="a">f-ua---</subfield>
</datafield>
<datafield tag="066" ind1=" " ind2=" ">
<subfield code="c">(3</subfield>
</datafield>
<datafield tag="090" ind1=" " ind2=" ">
<subfield code="a">DT95.5</subfield>
<subfield code="b">.I174</subfield>
</datafield>
<datafield tag="100" ind1="1" ind2=" ">
<subfield code="6">880-01</subfield>
<subfield code="a">Ibn Saʻīd, ʻAlī ibn Mūsá,</subfield>
<subfield code="d">1213-1286.</subfield>
</datafield>
<datafield tag="245" ind1="1" ind2="3">
<subfield code="6">880-02</subfield>
<subfield code="a">al-Mughrib fī ḥulá al-Maghrib /</subfield>
<subfield code="c">akmala taʼlīfhu Ibn Saʻīd al-Andalusi ; qaddama la-hu Zakī Muḥammad Ḥasan ; wa-ʻuniya bi-nashrihi wa-taḥqīqihi wa-al-taʻlīq ʻalayhi Zakī Muḥammad Ḥasan, Shawqī Ḍayf, Sayyidah Kāshif.</subfield>
</datafield>
<datafield tag="260" ind1=" " ind2=" ">
<subfield code="6">880-03</subfield>
<subfield code="a">[Cairo] :</subfield>
<subfield code="b">Jāmiʻat Fuʼād al-Awwal, Kullīyat al-Ādāb,</subfield>
<subfield code="c">1953-</subfield>
</datafield>
<datafield tag="300" ind1=" " ind2=" ">
<subfield code="a">v. ;</subfield>
<subfield code="c">25 cm.</subfield>
</datafield>
<datafield tag="504" ind1=" " ind2=" ">
<subfield code="a">Includes bibliographical references (v. 1, p. 373-385) and index.</subfield>
</datafield>
<datafield tag="505" ind1="1" ind2=" ">
<subfield code="6">880-04</subfield>
<subfield code="a">al-juzʼ 1. Min al-qism al-khāṣṣ bi-Miṣr.</subfield>
</datafield>
<datafield tag="651" ind1=" " ind2="0">
<subfield code="a">Egypt</subfield>
<subfield code="x">History</subfield>
<subfield code="y">640-1250.</subfield>
</datafield>
<datafield tag="651" ind1=" " ind2="0">
<subfield code="a">Africa, North</subfield>
<subfield code="x">History</subfield>
<subfield code="y">647-1517.</subfield>
</datafield>
<datafield tag="651" ind1=" " ind2="0">
<subfield code="a">Spain</subfield>
<subfield code="x">History</subfield>
<subfield code="y">711-1516.</subfield>
</datafield>
<datafield tag="651" ind1=" " ind2="0">
<subfield code="a">Egypt</subfield>
<subfield code="v">Biography</subfield>
<subfield code="v">Early works to 1800.</subfield>
</datafield>
<datafield tag="650" ind1=" " ind2="0">
<subfield code="a">Muslims</subfield>
<subfield code="z">Spain</subfield>
<subfield code="v">Biography</subfield>
<subfield code="v">Early works to 1800.</subfield>
</datafield>
<datafield tag="651" ind1=" " ind2="0">
<subfield code="a">Africa, North</subfield>
<subfield code="v">Biography</subfield>
<subfield code="v">Early works to 1800.</subfield>
</datafield>
<datafield tag="650" ind1=" " ind2="0">
<subfield code="a">Arabic poetry</subfield>
<subfield code="z">Africa, North</subfield>
<subfield code="v">Early works to 1800.</subfield>
</datafield>
<datafield tag="650" ind1=" " ind2="0">
<subfield code="a">Arabic poetry</subfield>
<subfield code="z">Spain</subfield>
<subfield code="v">Early works to 1800.</subfield>
</datafield>
<datafield tag="700" ind1="1" ind2=" ">
<subfield code="6">880-05</subfield>
<subfield code="a">Ḥasan, Zakī Muḥammad.</subfield>
</datafield>
<datafield tag="700" ind1="1" ind2=" ">
<subfield code="6">880-06</subfield>
<subfield code="a">Ḍayf, Shawqī.</subfield>
</datafield>
<datafield tag="700" ind1="1" ind2=" ">
<subfield code="6">880-07</subfield>
<subfield code="a">Kāshif, Sayyidah.</subfield>
</datafield>
<datafield tag="880" ind1="1" ind2=" ">
<subfield code="6">100-01/</subfield>
<subfield code="a">ابن سعيد، علي بن موسى.</subfield>
</datafield>
<datafield tag="880" ind1="1" ind2="2">
<subfield code="6">245-02/</subfield>
<subfield code="a">المغرب في حلى المغرب /</subfield>
<subfield code="c">أكمل تأليفه ابن سعيد الأندلسي ؛ قدم له زكي محمد حسن ؛ وعني بنشره وتحقيقه والتعليق عليه زكي محمد حسن، شوقي ضيف، سيدة كاشف.</subfield>
</datafield>
<datafield tag="880" ind1=" " ind2=" ">
<subfield code="6">260-03/</subfield>
<subfield code="a">[Cairo] :</subfield>
<subfield code="b">جامعة فؤاد الأول، كلية الآداب،</subfield>
<subfield code="c">١٩٥٣-</subfield>
</datafield>
<datafield tag="880" ind1="1" ind2=" ">
<subfield code="6">505-04/</subfield>
<subfield code="a">الجزء ١. من القسم الخاص بمصر.</subfield>
</datafield>
<datafield tag="880" ind1="1" ind2=" ">
<subfield code="6">700-05/</subfield>
<subfield code="a">حسن، زكي محمد.</subfield>
</datafield>
<datafield tag="880" ind1="1" ind2=" ">
<subfield code="6">700-06/</subfield>
<subfield code="a">ضيف، شوقي.</subfield>
</datafield>
<datafield tag="880" ind1="1" ind2=" ">
<subfield code="6">700-07/</subfield>
<subfield code="a">كاشف، سيدة.</subfield>
</datafield>
<datafield tag="OWN" ind1=" " ind2=" ">
<subfield code="a">GENERAL</subfield>
</datafield>
<datafield tag="998" ind1=" " ind2=" ">
<subfield code="a">20010429</subfield>
<subfield code="d">20010429</subfield>
<subfield code="d">20010429</subfield>
<subfield code="n">NNU</subfield>
<subfield code="s">6</subfield>
<subfield code="t">c</subfield>
<subfield code="z">p</subfield>
</datafield>
<datafield tag="AVA" ind1=" " ind2=" ">
<subfield code="a">NYU50</subfield>
<subfield code="b">BOBST</subfield>
<subfield code="c">Main Collection</subfield>
<subfield code="d">DT95.5 .I174</subfield>
<subfield code="e">unavailable</subfield>
<subfield code="t">Unavailable</subfield>
<subfield code="f">1</subfield>
<subfield code="g">1</subfield>
<subfield code="h">Y</subfield>
<subfield code="i">0</subfield>
<subfield code="j">MAIN</subfield>
<subfield code="k">0</subfield>
</datafield>
</record>
